% This file was created with JabRef 2.10b2.
% Encoding: UTF-8


@Misc{Mandel2016,
  Title                    = {wildintellect/ucdthesis},

  Author                   = {Mandel, Alex},

  Abstract                 = {ucdthesis - Latex stylesheet and base files for a thesis/dissertation at University of California, Davis},
  File                     = {Snapshot:/home/vulpes/.mozilla/firefox/61lt3quy.default/zotero/storage/5QTRJ6M5/ucdthesis.html:text/html},
  Journal                  = {GitHub},
  Url                      = {https://github.com/wildintellect/ucdthesis},
  Urldate                  = {2016-07-19}
}

